<?xml version="1.0" encoding="UTF-8"?><collection xmlns="http://www.loc.gov/MARC21/slim"><record><leader>00432nam--2200145-i-4500</leader><controlfield tag="001">000040889</controlfield><controlfield tag="002">20161230</controlfield><controlfield tag="005">20170112230749</controlfield><controlfield tag="008">060222s1000------------r-----000-0-eng-d</controlfield><datafield ind1=" " ind2=" " tag="245"><subfield code="a">La sscience moderne (de 1450 a 1800)</subfield></datafield><datafield ind1=" " ind2=" " tag="260"><subfield code="a">Paris</subfield><subfield code="b">Presses Univ.De France</subfield><subfield code="c">1958</subfield></datafield><datafield ind1=" " ind2=" " tag="300"><subfield code="a">VII + 800 p.+ Fig</subfield></datafield><datafield ind1=" " ind2=" " tag="490"><subfield code="a">Histoire Generale Des Sciences Publ.Sous La Direction De Rene Taton</subfield></datafield><datafield ind1=" " ind2=" " tag="852"><subfield code="a">15532</subfield></datafield><datafield ind1=" " ind2=" " tag="CAT"><subfield code="a">SYS</subfield><subfield code="c">20170112</subfield><subfield code="h">230749</subfield></datafield></record></collection>